@Book{LS,
author = {Harold J Larson},
title = {Introduction to Probability Theory and Statistical Inference},
publisher = {Wiley},
year = {1982},
edition = {3a.}
}

@Book{KK,
author = {Stephen Kokoska},
title = {Introductory Statistics: A problem-solving approach},
publisher = {W.H.Freeman},
year = {2011}
}

@Article{SHW,
author = {Samuel Sanford Shapiro and Martin Wilk},
title = {An Analysis of Variance Test for Normality (Complete Samples)},
journal = {Biometrika},
year = {1965},
volume = {52},
pages = {591-611},
month = {Dez}
}

@Article{damn,
author = {Stephen M. Stigler},
title = {Kruskal's proof of the joint distribution of $\overline{X}$ e $S^2$},
journal = {The American Statistician},
year = {1984},
volume = {2},
pages = {134-135},
month = {Mai}
}

